@online{artificial_intelligence_vs_machine_learning_vs_deep_learning,
title = {Artificial Intelligence vs. Machine Learning vs. Deep Learning },
howpublished = {\url{https://www.wwt.com/article/artificial-intelligence-vs-machine-learning-vs-deep-learning}}
}

%---------------------------
@online{apprentissage_supervise_definition,
title = {L’apprentissage supervisé : définition et exemples},
howpublished = {\url{https://blent.ai/blog/a/apprentissage-supervise-definition}}
}
%---------------------------
@article{asemi2021intelligent,
  title={Intelligent libraries: a review on expert systems, artificial intelligence, and robot},
  author={Asemi, Asefeh and Ko, Andrea and Nowkarizi, Mohsen},
  journal={Library Hi Tech},
  volume={39},
  number={2},
  pages={413--415},
  year={2021},
  publisher={Emerald Publishing Limited},
  doi={10.1108/LHT-02-2020-0038}
}
%---------------------------
@online{what_is_machine_learning,
title = {Qu'est-ce que le Machine Learning ?},
howpublished = {\url{https://www.sap.com/suisse/products/artificial-intelligence/what-is-machine-learning.html}}
}
%---------------------------

@article{sundararajan2021,
    author = {Karpagam Sundararajan and Lalit Garg and Kathiravan Srinivasan and Ali Kashif Bashir and Jayakumar Kaliappan and Ganapathy Pattukandan Ganapathy and Senthil Kumaran Selvaraj and T. Meena},
    title = {A Contemporary Review on Drought Modeling Using Machine Learning Approaches},
    journal = {CMES},
    volume = {128},
    number = {2},
    pages = {459}, 
    year = {2021},
    doi = {10.32604/cmes.2021.015528},
}

%---------------

@online{supervised_vs_unsupervised_learning,
title = {Apprentissage supervisé et non supervisé},
howpublished = {\url{https://www.alteryx.com/fr/glossary/supervised-vs-unsupervised-learning}}
}

%----------------------------------------------


@online{pense_bete_apprentissage_non_supervise,
title = {Pense-bête d'apprentissage non-supervisé},
howpublished = {\url{https://stanford.edu/~shervine/l/fr/teaching/cs-229/pense-bete-apprentissage-non-supervise}}
}

%----------------------------------------------

@online{reduction_de_dimensionalite,
title = {A Survey of Dimension Reduction Methods for High-dimensional Data Analysis and Visualization},
howpublished = {\url{https://www.semanticscholar.org/paper/A-Survey-of-Dimension-Reduction-Methods-for-Data-Engel-H%C3%BCttenberger/8dc7a7af1685d6667d24f013ecc5fceeb2bcc689}}}

%--------------

@online{non_supervisé_vs_supervisé,
title = {non-supervisé vs supervisé},
howpublished = {\url{https://fr.diabolocom.com/blog/traitement-langage-naturel-nlp/}}}

%--------------
@online{reinforcement_learning,
title = {Reinforcement Learning : Définition et application},
howpublished = {\url{https://datascientest.com/reinforcement-learning}}}
%--------------
@online{basics_of_reinforcement_learning,
title = {Basics of Reinforcement Learning (Algorithms, Applications & Advantages)},
howpublished = {\url{https://databasetown.com/basics-of-reinforcement-learning/}}}
%---------------------------
@article{leijnen2020neural,
  title={The Neural Network Zoo},
  author={Leijnen, Stefan and van Veen, Fjodor},
  journal={The Asimov Institute},
  address={3526 KS Utrecht, The Netherlands},
  year={2020},
  note={Correspondence: stefan@asimovinstitute.org},
  url={https://www.asimovinstitute.org/neural-network-zoo/}
}
%---------------------------
@online{activation_functions,
  author = {Melkami Kameleddine},
  url = {https://staff.univ-batna2.dz/sites/default/files/melkami_kameleddine/files/chap2_2.pdf},
  note = {University of Batna 2}
}

%---------------------------
@online{neurone_detail,
title = {IREN - Introduction aux réseaux neuronnaux },
howpublished = {\url{https://hackmd.io/@lemasymasa/H1k6jb07d}}
}

%---------------------------
@online{algorithmes_deep_learning,
title = {Les algorithmes de Deep Learning },
howpublished = {\url{https://www.jedha.co/formation-ia/algorithmes-deep-learning}}
}

%---------------------------
@online{fernandez_maloigne2019,
  author = {Christine Fernandez-Maloigne and Rémy Guillevin},
  title = {L'intelligence artificielle au service de l'imagerie et de la santé des femmes},
  year = {2019},
  url ={https://www.sciencedirect.com/science/article/pii/S177698171930063X},
  note = {Version of Record, Elsevier user license: \url{https://www.elsevier.com/open-access/userlicense/1.0/}}
}

%---------------------------
@online{les_reseaux_de_neurones_recurrents_pour_les_series_temporelles,
title = {Les réseaux de neurones récurrents pour les séries temporelles },
howpublished = {\url{https://metalblog.ctif.com/2021/09/06/les-reseaux-de-neurones-recurrents-pour-les-series-temporelles/}}
}


%---------------------------
@online{LSTM,
title = {LES RNN, LES LSTM, LES GRU ET ELMO },
howpublished = {\url{https://lbourdois.github.io/blog/nlp/RNN-LSTM-GRU-ELMO/}},
note = {Image provenant de l’article Medium de Shi Yan (https://medium.com/mlreview/understanding-lstm-and-its-diagrams-37e2f46f1714) que nous avons traduit et légèrement modifiée}
}

%---------------------------
@online{generative_adversarial_networks_explained/,
title = {Generative adversarial networks explained},
howpublished = {\url{https://developer.ibm.com/articles/generative-adversarial-networks-explained/}},

}

%---------------------------
@online{RBM,
title = {Test Run: Restricted Boltzmann Machines (RBMs) mit C#},
howpublished = {\url{https://github.com/giorgioroffo/restricted-boltzmann-machines/blob/master/architectures.py}}
}
%--------------------------
@article{nwankpa2018activation,
  title = {Activation Functions: Comparison of Trends in Practice and Research for Deep Learning},
  author = {Chigozie Enyinna Nwankpa and Winifred Ijomah and Anthony Gachagan and Stephen Marshall},
  journal = {arXiv preprint arXiv:1811.03378v1},
  year = {2018},
  note = {Version 1},
  pages = {16},
  eprint = {1811.03378v1},
  archivePrefix = {arXiv},
  primaryClass = {cs.LG}
}
%--------------------------
@online{baggingVSboosting,
title = {Bagging vs. Boosting: The Power of Ensemble Methods in Machine Learning},
howpublished = {\url{https://pub.towardsai.net/bagging-vs-boosting-the-power-of-ensemble-methods-in-machine-learning-6404e33524e6}}}
%--------------------------
@online{stacking,
title = {Stacking -Ensemble meta Algorithms for improve predictions)},
howpublished = {\url{https://medium.com/ml-research-lab/stacking-ensemble-meta-algorithms-for-improve-predictions-f4b4cf3b9237}}}
%--------------------------
@online{random_forest,
title = {Demystifying Machine Learning Models: Random Forest)},
howpublished = {\url{https://medium.com/@weidagang/demystifying-machine-learning-models-random-forest-f992dc50b427}}}
%--------------------------
@online{classification_metrics_matrice_de_confusion,
title = {Matrice de confusion, la comprendre et l’utiliser},
howpublished = {\url{https://kobia.fr/classification-metrics-matrice-de-confusion/}}}
%--------------------------
@online{important_model_evaluation_error_metrics,
title = {12 Important Model Evaluation Metrics for Machine Learning Everyone Should Know (Updated 2023)},
howpublished = {\url{https://www.analyticsvidhya.com/blog/2019/08/11-important-model-evaluation-error-metrics/}}}
%--------------------------
@online{confusion_matrix_accuracy_recall_precision_false_positive_rate_and_f_scores_explained,
title = {Confusion matrix, accuracy, recall, precision, false positive rate and F-scores explained},
howpublished = {\url{https://blog.nillsf.com/index.php/2020/05/23/confusion-matrix-accuracy-recall-precision-false-positive-rate-and-f-scores-explained/}}}
%--------------------------
@online{classification_metrics_auc_roc,
title = {Matrice de confusion, la comprendre et l’utiliser},
howpublished = {\url{https://kobia.fr/classification-metrics-auc-roc/}}}
%--------------------------
@online{cross_entropy_loss,
title = {What Is Cross-Entropy Loss Function?},
howpublished = {\url{https://365datascience.com/tutorials/machine-learning-tutorials/cross-entropy-loss/}}}
%--------------------------
@online{loss_functions,
title = {How Loss Functions Work in Neural Networks and Deep Learning},
howpublished = {\url{https://builtin.com/machine-learning/loss-functions}}}
%--------------------------

%--------------------------

%--------------------------

%--------------------------

%--------------------------


%--------------------------

%--------------------------






















%---------------------------
@misc{autobip,
  title = {La somnolence au volant responsable d'un tiers des accidents de la route},
  author = {},
  howpublished = {\url{https://www.autobip.com/fr/actualite_auto/la_somnolence_au_volant_responsable_d_un_tiers_des_accidents_de_la_route!/3574}},
  note = {},
  year = {}
}
%---------------------------
@misc{AtlasMagasine2,
  title = {Un accident de la route fait plusieurs victimes en Algérie},
  author = {},
  howpublished = {\url{https://www.atlas-mag.net/category/pays/algerie/un-accident-de-la-route-fait-plusieurs-victimes-en-algerie#:~:text=Le%20nombre%20de%20d%C3%A9c%C3%A8s%20pourrait,d%C3%A9c%C3%A8s%20et%2030%20479%20bless%C3%A9s.}},
  note = {},
  year = {}
}
%---------------------------
@misc{EEG,
  title = {Électroencéphalographie renseignements pour le patient },
  author = {},
  howpublished = {\url{chrome-extension://efaidnbmnnnibpcajpcglclefindmkaj/https://www.ottawahospital.on.ca/fr/documents/2021/02/electroencephalographie-renseignements-pour-le-patient.pdf/#:~:text=Qu'est%2Dce%20qu',cuir%20chevelu%20(la%20t%C3%AAte).}},
  note = {},
  year = {}
}
%---------------------------
@article{heine2017electrocardiographic,
  title={Electrocardiographic features for the measurement of drivers' mental workload},
  author={Heine, Tobias and Lenis, Gustavo and Reichensperger, Patrick and Beran, Tobias and Doessel, Olaf and Deml, Barbara},
  journal={Applied ergonomics},
  volume={61},
  pages={31--43},
  year={2017},
  publisher={Elsevier}
}
%---------------------------
@article{wang2020driver,
  title={Driver emotion recognition of multiple-ECG feature fusion based on BP network and D--S evidence},
  author={Wang, Xiaoyuan and Guo, Yongqing and Ban, Jeff and Xu, Qing and Bai, Chenglin and Liu, Shanliang},
  journal={IET Intelligent Transport Systems},
  volume={14},
  number={8},
  pages={815--824},
  year={2020},
  publisher={Wiley Online Library}
}
@inproceedings{keshan2015machine,
  title={Machine learning for stress detection from ECG signals in automobile drivers},
  author={Keshan, N and Parimi, PV and Bichindaritz, Isabelle},
  booktitle={2015 IEEE International conference on big data (Big Data)},
  pages={2661--2669},
  year={2015},
  organization={IEEE}
}
@article{chui2016accurate,
  title={An accurate ECG-based transportation safety drowsiness detection scheme},
  author={Chui, Kwok Tai and Tsang, Kim Fung and Chi, Hao Ran and Ling, Bingo Wing Kuen and Wu, Chung Kit},
  journal={IEEE Transactions on Industrial Informatics},
  volume={12},
  number={4},
  pages={1438--1452},
  year={2016},
  publisher={IEEE}
}

@article{vicente2016drowsiness,
  title={Drowsiness detection using heart rate variability},
  author={Vicente, Jos{\'e} and Laguna, Pablo and Bartra, Ariadna and Bail{\'o}n, Raquel},
  journal={Medical \& biological engineering \& computing},
  volume={54},
  pages={927--937},
  year={2016},
  publisher={Springer}
}

@inproceedings{abe2014development,
  title={Development of drowsy driving accident prediction by heart rate variability analysis},
  author={Abe, Erika and Fujiwara, Koichi and Hiraoka, Toshihiro and Yamakawa, Toshitaka and Kano, Manabu},
  booktitle={Signal and Information Processing Association Annual Summit and Conference (APSIPA), 2014 Asia-Pacific},
  pages={1--4},
  year={2014},
  organization={IEEE}
}

@inproceedings{zhang2012drowsiness,
  title={Drowsiness detection based on wavelet analysis of ECG and pulse signals},
  author={Zhang, Aihua and Liu, Fenghua},
  booktitle={2012 5th international conference on biomedical engineering and informatics},
  pages={491--495},
  year={2012},
  organization={IEEE}
}

@inproceedings{vicente2011detection,
  title={Detection of driver's drowsiness by means of HRV analysis},
  author={Vicente, Jos{\'e} and Laguna, Pablo and Bartra, Ariadna and Bail{\'o}n, Raquel},
  booktitle={2011 Computing in Cardiology},
  pages={89--92},
  year={2011},
  organization={IEEE}
}

@article{doudou2020driver,
  title={Driver drowsiness measurement technologies: Current research, market solutions, and challenges},
  author={Doudou, Messaoud and Bouabdallah, Abdelmadjid and Berge-Cherfaoui, V{\'e}ronique},
  journal={International Journal of Intelligent Transportation Systems Research},
  volume={18},
  pages={297--319},
  year={2020},
  publisher={Springer}
}
@article{dong2010driver,
  title={Driver inattention monitoring system for intelligent vehicles: A review},
  author={Dong, Yanchao and Hu, Zhencheng and Uchimura, Keiichi and Murayama, Nobuki},
  journal={IEEE transactions on intelligent transportation systems},
  volume={12},
  number={2},
  pages={596--614},
  year={2010},
  publisher={IEEE}
}
@inproceedings{zhong2007localized,
  title={Localized energy study for analyzing driver fatigue state based on wavelet analysis},
  author={Zhong, Yan-Jiong and Du, Li-Ping and Zhang, Kan and Sun, Xiang-Hong},
  booktitle={2007 International Conference on Wavelet Analysis and Pattern Recognition},
  volume={4},
  pages={1843--1846},
  year={2007},
  organization={IEEE}
}
@article{chen2015identification,
  title={Identification of common features of vehicle motion under drowsy/distracted driving: A case study in Wuhan, China},
  author={Chen, Zhijun and Wu, Chaozhong and Zhong, Ming and Lyu, Nengchao and Huang, Zhen},
  journal={Accident Analysis \& Prevention},
  volume={81},
  pages={251--259},
  year={2015},
  publisher={Elsevier}
}
@article{ingre2006subjective,
  title={Subjective sleepiness, simulated driving performance and blink duration: examining individual differences},
  author={Ingre, Michael and {\AA}kerstedt, Torbj{\"o}rn and Peters, Bj{\"o}rn and Anund, Anna and Kecklund, G{\"o}ran},
  journal={Journal of sleep research},
  volume={15},
  number={1},
  pages={47--53},
  year={2006},
  publisher={Wiley Online Library}
}

@article{sahayadhas2012detecting,
  title={Detecting driver drowsiness based on sensors: a review},
  author={Sahayadhas, Arun and Sundaraj, Kenneth and Murugappan, Murugappan},
  journal={Sensors},
  volume={12},
  number={12},
  pages={16937--16953},
  year={2012},
  publisher={Molecular Diversity Preservation International (MDPI)}
}

@article{vijayan2020comparative,
  title={A comparative analysis of RootSIFT and SIFT methods for drowsy features extraction},
  author={Vijayan, Vineetha and Pushpalatha, KP},
  journal={Procedia computer science},
  volume={171},
  pages={436--445},
  year={2020},
  publisher={Elsevier}
}

@inproceedings{junaedi2018driver,
  title={Driver drowsiness detection based on face feature and PERCLOS},
  author={Junaedi, Suhandi and Akbar, Habibullah},
  booktitle={Journal of Physics: Conference Series},
  volume={1090},
  pages={012037},
  year={2018},
  organization={IOP Publishing}
}

@inproceedings{zhang2017research,
  title={Research on driving fatigue detection based on PERCLOS},
  author={Zhang, CUIQING and Wei, LIZHEN and Zheng, Pei},
  booktitle={Proceedings of the 4th International Conference on Vehicle, Mechanical and Electrical Engineering, ICVMEE},
  year={2017}
}
@article{maior2020real,
  title={Real-time classification for autonomous drowsiness detection using eye aspect ratio},
  author={Maior, Caio Bezerra Souto and das Chagas Moura, M{\'a}rcio Jos{\'e} and Santana, Jo{\~a}o Mateus Marques and Lins, Isis Didier},
  journal={Expert Systems with Applications},
  volume={158},
  pages={113505},
  year={2020},
  publisher={Elsevier}
}

@article{you2019real2,
  title={A real-time driving drowsiness detection algorithm with individual differences consideration},
  author={You, Feng and Li, Xiaolong and Gong, Yunbo and Wang, Hailwei and Li, Hongyi},
  journal={Ieee Access},
  volume={7},
  pages={179396--179408},
  year={2019},
  publisher={IEEE}
}

@inproceedings{soukupova2016eye,
  title={Eye blink detection using facial landmarks},
  author={Soukupova, Tereza and Cech, Jan},
  booktitle={21st computer vision winter workshop, Rimske Toplice, Slovenia},
  volume={2},
  year={2016}
}
@inproceedings{houssaini2019real,
  title={Real-Time Driver's Hypovigilance Detection using Facial Landmarks},
  author={Houssaini, Aliae Squalli and Sabri, My Abdelouahed and Qjidaa, Hassan and Aarab, Abdellah},
  booktitle={2019 International Conference on Wireless Technologies, Embedded and Intelligent Systems (WITS)},
  pages={1--4},
  year={2019},
  organization={IEEE}
}

@inproceedings{mohanty2019design,
  title={Design of real-time drowsiness detection system using dlib},
  author={Mohanty, Shruti and Hegde, Shruti V and Prasad, Supriya and Manikandan, J},
  booktitle={2019 IEEE International WIE Conference on Electrical and Computer Engineering (WIECON-ECE)},
  pages={1--4},
  year={2019},
  organization={IEEE}
}
@article{niloy2020brief,
  title={A brief review on different Driver's drowsiness detection techniques},
  author={Niloy, Amit Raha and Chowdhury, Atiqul Islam and Sharmin, Nusrat and others},
  journal={International Journal of Image, Graphics and Signal Processing},
  volume={10},
  number={3},
  pages={41},
  year={2020},
  publisher={Modern Education and Computer Science Press}
}

@inproceedings{mittal2016head,
  title={Head movement-based driver drowsiness detection: A review of state-of-art techniques},
  author={Mittal, Ajay and Kumar, Kanika and Dhamija, Sarina and Kaur, Manvjeet},
  booktitle={2016 IEEE international conference on engineering and technology (ICETECH)},
  pages={903--908},
  year={2016},
  organization={IEEE}
}
@article{awais2017hybrid,
  title={A hybrid approach to detect driver drowsiness utilizing physiological signals to improve system performance and wearability},
  author={Awais, Muhammad and Badruddin, Nasreen and Drieberg, Micheal},
  journal={Sensors},
  volume={17},
  number={9},
  pages={1991},
  year={2017},
  publisher={MDPI}
}
@inproceedings{brandt2004affordable,
  title={Affordable visual driver monitoring system for fatigue and monotony},
  author={Brandt, Thomas and Stemmer, Ralf and Rakotonirainy, Andry},
  booktitle={2004 IEEE International Conference on Systems, Man and Cybernetics (IEEE Cat. No. 04CH37583)},
  volume={7},
  pages={6451--6456},
  year={2004},
  organization={IEEE}
}

@inproceedings{dreissig2020driver,
  title={Driver drowsiness classification based on eye blink and head movement features using the k-NN algorithm},
  author={Drei{\ss}ig, Mariella and Baccour, Mohamed Hedi and Sch{\"a}ck, Tim and Kasneci, Enkelejda},
  booktitle={2020 IEEE Symposium Series on Computational Intelligence (SSCI)},
  pages={889--896},
  year={2020},
  organization={IEEE}
}
----
@article{chirra2019deep,
  title={Deep CNN: A Machine Learning Approach for Driver Drowsiness Detection Based on Eye State.},
  author={Chirra, Venkata Rami Reddy and Uyyala, Srinivasulu Reddy and Kolli, Venkata Krishna Kishore},
  journal={Rev. d'Intelligence Artif.},
  volume={33},
  number={6},
  pages={461--466},
  year={2019}
}
@inproceedings{rajkar2022driver,
  title={Driver drowsiness detection using deep learning},
  author={Rajkar, Ajinkya and Kulkarni, Nilima and Raut, Aniket},
  booktitle={Applied Information Processing Systems: Proceedings of ICCET 2021},
  pages={73--82},
  year={2022},
  organization={Springer}
}
@article{salman2021driver,
  title={Driver drowsiness detection using ensemble convolutional neural networks on YawDD},
  author={Salman, Rais Mohammad and Rashid, Mahbubur and Roy, Rupal and Ahsan, Md Manjurul and Siddique, Zahed},
  journal={arXiv preprint arXiv:2112.10298},
  year={2021}
}
@article{Florez2023ACA,
  title={A CNN-Based Approach for Driver Drowsiness Detection by Real-Time Eye State Identification},
  author={Ruben Florez and Facundo Palomino-Quispe and Roger Jesus Coaquira-Castillo and Julio Cesar Herrera-Levano and Thuanne Paix{\~a}o and Ana Beatriz Alvarez},
  journal={Applied Sciences},
  year={2023},
  url={https://api.semanticscholar.org/CorpusID:259569122}
}
@article{ RajneeshAnudeepGurmeet,
author = { Rajneesh, Anudeep Goraya, Gurmeet Singh },
title = { Real Time Drivers Drowsiness Detection and alert System by Measuring EAR },
journal = { International Journal of Computer Applications },
issue_date = { Nov 2018 },
volume = { 181 },
number = { 25 },
month = { Nov },
year = { 2018 },
issn = { 0975-8887 },
pages = { 38-45 },
numpages = {9},
url = { https://ijcaonline.org/archives/volume181/number25/30095-2018918055/ },
doi = { 10.5120/ijca2018918055 },
publisher = {Foundation of Computer Science (FCS), NY, USA},
address = {New York, USA}
}

@misc{nitymed,
  title = {NITYMED},
  howpublished = {\url{https://www.kaggle.com/datasets/nikospetrellis/nitymed}},
  note = {Appropriate for DSM},
}
@misc{DMS,
title= {Sécurité routière : avec l'obligation des caméras embarquées, la fin de la somnolence au volant},
url={https://www.tf1info.fr/transports/video-reportage-securite-routiere-avec-l-obligation-des-cameras-embarquees-la-fin-de-la-somnolence-au-volant-2294050.html}
    }

@misc{CEW,
  title = {Closed Eyes In The Wild (CEW)},
  howpublished = {\url{https://parnec.nuaa.edu.cn/_upload/tpl/02/db/731/template731/pages/xtan/ClosedEyeDatabases.html}},
  note = {},
}


@inproceedings{inproceedings,
author = {Abtahi, Shabnam and Omidyeganeh, M. and Shirmohammadi, Shervin and Hariri, B.},
year = {2014},
month = {03},
pages = {24-28},
title = {YawDD: A yawning detection dataset},
journal = {Proceedings of the 5th ACM Multimedia Systems Conference, MMSys 2014},
doi = {10.1145/2557642.2563678}
}

@misc{DEAP,
  Title = {DEAP},
  howpublished = {\url{https://paperswithcode.com/dataset/deap}},
  note = {},
  year = {}
}
@misc{MiraclHB ,
  Title = {MiraclHB },
  howpublished = {\url{https://www.belhassen-akrout.com/#!/databases.php}},
  note = {},
  year = {}
}
@article{UTA-RLDD,
  title={Estimation of driver vigilance status using real-time facial expression and deep learning},
  author={Tamanani, Reza and Muresan, Radu and Al-Dweik, Arafat},
  journal={IEEE Sensors Letters},
  volume={5},
  number={5},
  pages={1--4},
  year={2021},
  publisher={IEEE}
}
@article{NTHU-DDD,
author = {Kir Savaş, Burcu and Becerkli, Yaşar},
year = {2020},
month = {01},
pages = {1-1},
title = {Real Time Driver Fatigue Detection System Based on Multi-Task ConNN},
volume = {8},
journal = {IEEE Access},
doi = {10.1109/ACCESS.2020.2963960}
}

@misc{visage ,
  Title = {LA RECONNAISSANCE DES EXPRESSIONS FACIALES },
  howpublished = {\url{https://dataanalyticspost.com/la-reconnaissance-des-expressions-faciales/#:~:text=Nous%2C%20les%20humains%2C%20sommes%20capables,peur%20ou%20un%20d%C3%A9go%C3%BBt%20amus%C3%A9.}},
  note = {},
  year = {}
}
@article{abdat2010reconnaissance,
  title={Reconnaissance automatique des {\'e}motions par donn{\'e}es multimodales: expressions faciales et signaux physiologiques},
  author={Abdat, Faiza},
  journal={Universit{\'e} de Metz, France},
  year={2010}
}
@article{mehrabian1967inference,
  title={Inference of attitudes from nonverbal communication in two channels.},
  author={Mehrabian, Albert and Ferris, Susan R},
  journal={Journal of consulting psychology},
  volume={31},
  number={3},
  pages={248},
  year={1967},
  publisher={American Psychological Association}
}
@misc{ali2023retraction,
  title={Retraction Note: Facial expressions can detect Parkinson’s disease: preliminary evidence from videos collected online},
  author={Ali, Mohammad Rafayet and Myers, Taylor and Wagner, Ellen and Ratnu, Harshil and Dorsey, E Ray and Hoque, Ehsan},
  year={2023},
  publisher={Nature Publishing Group UK London}
}

@article{sajjad2019raspberry,
  title={Raspberry Pi assisted facial expression recognition framework for smart security in law-enforcement services},
  author={Sajjad, Muhammad and Nasir, Mansoor and Ullah, Fath U Min and Muhammad, Khan and Sangaiah, Arun Kumar and Baik, Sung Wook},
  journal={Information Sciences},
  volume={479},
  pages={416--431},
  year={2019},
  publisher={Elsevier}
}
@inproceedings{huang2021towards,
  title={Towards cross-modal forgery detection and localization on live surveillance videos},
  author={Huang, Yong and Li, Xiang and Wang, Wei and Jiang, Tao and Zhang, Qian},
  booktitle={IEEE INFOCOM 2021-IEEE Conference on Computer Communications},
  pages={1--10},
  year={2021},
  organization={IEEE}
}

@article{wang2020region,
  title={Region attention networks for pose and occlusion robust facial expression recognition},
  author={Wang, Kai and Peng, Xiaojiang and Yang, Jianfei and Meng, Debin and Qiao, Yu},
  journal={IEEE Transactions on Image Processing},
  volume={29},
  pages={4057--4069},
  year={2020},
  publisher={IEEE}
}

@article{podder2023feature,
  title={A feature boosted deep learning method for automatic facial expression recognition},
  author={Podder, Tanusree and Bhattacharya, Diptendu and Majumder, Priyanka and Balas, Valentina Emilia},
  journal={PeerJ Computer Science},
  volume={9},
  pages={e1216},
  year={2023},
  publisher={PeerJ Inc.}
}

----
@article{yan2020low,
  title={Low-resolution facial expression recognition: A filter learning perspective},
  author={Yan, Yan and Zhang, Zizhao and Chen, Si and Wang, Hanzi},
  journal={Signal Processing},
  volume={169},
  pages={107370},
  year={2020},
  publisher={Elsevier}
}
@article{khan2019geometric,
  title={Geometric positions and optical flow based emotion detection using MLP and reduced dimensions},
  author={Khan, Gulraiz and Siddiqi, Aiman and Ghani Khan, Muhammad Usman and Qayyum Wahla, Samyan and Samyan, Sahar},
  journal={IET Image Processing},
  volume={13},
  number={4},
  pages={634--643},
  year={2019},
  publisher={Wiley Online Library}
}
@article{fei2020deep,
  title={Deep convolution network based emotion analysis towards mental health care},
  author={Fei, Zixiang and Yang, Erfu and Li, David Day-Uei and Butler, Stephen and Ijomah, Winifred and Li, Xia and Zhou, Huiyu},
  journal={Neurocomputing},
  volume={388},
  pages={212--227},
  year={2020},
  publisher={Elsevier}
}
@article{miao2019deep,
  title={A deep learning system for recognizing facial expression in real-time},
  author={Miao, Yu and Dong, Haiwei and Jaam, Jihad Mohamad Al and Saddik, Abdulmotaleb El},
  journal={ACM Transactions on Multimedia Computing, Communications, and Applications (TOMM)},
  volume={15},
  number={2},
  pages={1--20},
  year={2019},
  publisher={ACM New York, NY, USA}
}

@article{hung2019recognizing,
  title={Recognizing learning emotion based on convolutional neural networks and transfer learning},
  author={Hung, Jason C and Lin, Kuan-Cheng and Lai, Nian-Xiang},
  journal={Applied Soft Computing},
  volume={84},
  pages={105724},
  year={2019},
  publisher={Elsevier}
}
@incollection{podder2022dew,
  title={Dew computing-inspired mental health monitoring system framework powered by a lightweight CNN},
  author={Podder, Tanusree and Bhattacharya, Diptendu and Majumdar, Abhishek},
  booktitle={Disruptive Technologies for Big Data and Cloud Applications: Proceedings of ICBDCC 2021},
  pages={309--319},
  year={2022},
  publisher={Springer}
}
@article{podder2022time,
  title={Time efficient real time facial expression recognition with CNN and transfer learning},
  author={Podder, Tanusree and Bhattacharya, Diptendu and Majumdar, Abhishek},
  journal={S{\=a}dhan{\=a}},
  volume={47},
  number={3},
  pages={177},
  year={2022},
  publisher={Springer}
}
@article{saurav2022dual,
  title={Dual integrated convolutional neural network for real-time facial expression recognition in the wild},
  author={Saurav, Sumeet and Gidde, Prashant and Saini, Ravi and Singh, Sanjay},
  journal={The Visual Computer},
  volume={38},
  number={3},
  pages={1083--1096},
  year={2022},
  publisher={Springer}
}
@article{gera2021landmark,
  title={Landmark guidance independent spatio-channel attention and complementary context information based facial expression recognition},
  author={Gera, Darshan and Balasubramanian, S},
  journal={Pattern Recognition Letters},
  volume={145},
  pages={58--66},
  year={2021},
  publisher={Elsevier}
}
----
@misc{FER2013,
     Title = {FER2013 (Facial Expression Recognition 2013 Dataset) },
  howpublished = {\url{https://paperswithcode.com/dataset/fer2013}},
}
@misc{CK+,
Title = {CK+ (Extended Cohn-Kanade dataset) },
  howpublished = {\url{https://paperswithcode.com/dataset/ck}},
}
@misc{JAFFE,
Title = {JAFFE (Japanese Female Facial Expression) },
  howpublished = {\url{https://paperswithcode.com/dataset/jaffe}},
}


@article{sajjad2023comprehensive,
  title={A comprehensive survey on deep facial expression recognition: challenges, applications, and future guidelines},
  author={Sajjad, Muhammad and Ullah, Fath U Min and Ullah, Mohib and Christodoulou, Georgia and Cheikh, Faouzi Alaya and Hijji, Mohammad and Muhammad, Khan and Rodrigues, Joel JPC},
  journal={Alexandria Engineering Journal},
  volume={68},
  pages={817--840},
  year={2023},
  publisher={Elsevier}
}
@misc{fedorchak2019thermoresponsive,
  title={Thermoresponsive hydrogel containing polymer microparticles for noninvasive ocular biologic delivery},
  author={Fedorchak, Morgan V and Little, Steven R and Schuman, Joel S},
  year={2019},
  month=apr # "~4",
  publisher={Google Patents},
  note={US Patent App. 16/087,470}
}
@article{Vizoni2020OcularRU,
  title={Ocular Recognition Using Deep Features for Identity Authentication},
  author={Marcelo Vilela Vizoni and Aparecido Nilceu Marana},
  journal={2020 International Conference on Systems, Signals and Image Processing (IWSSIP)},
  year={2020},
  pages={155-160},
  url={https://api.semanticscholar.org/CorpusID:220734567}
}
@article{lee2019deep,
  title={Deep residual CNN-based ocular recognition based on rough pupil detection in the images by NIR camera sensor},
  author={Lee, Young Won and Kim, Ki Wan and Hoang, Toan Minh and Arsalan, Muhammad and Park, Kang Ryoung},
  journal={Sensors},
  volume={19},
  number={4},
  pages={842},
  year={2019},
  publisher={MDPI}
}
@inproceedings{reddy2018ocularnet,
  title={Ocularnet: deep patch-based ocular biometric recognition},
  author={Reddy, Narsi and Rattani, Ajita and Derakhshani, Reza},
  booktitle={2018 IEEE international symposium on technologies for homeland security (HST)},
  pages={1--6},
  year={2018},
  organization={IEEE}
}
@inproceedings{reddy2019robust,
  title={Robust subject-invariant feature learning for ocular biometrics in visible spectrum},
  author={Reddy, Narsi and Rattani, Ajita and Derakhshani, Reza},
  booktitle={2019 IEEE 10th International Conference on Biometrics Theory, Applications and Systems (BTAS)},
  pages={1--9},
  year={2019},
  organization={IEEE}
}



@misc{CASIAIrisV4,
Title = { CASIA-IrisV4},
  howpublished = {\url{https://hycasia.github.io/dataset/casia-irisv4/}},
}
@misc{UBIRISv1,
Title = { UBIRIS.v1},
  howpublished = {\url{http://iris.di.ubi.pt/ubiris1.html}},
}
@inproceedings{padole2012periocular,
  title={Periocular recognition: Analysis of performance degradation factors},
  author={Padole, Chandrashekhar N and Proenca, Hugo},
  booktitle={2012 5th IAPR international conference on biometrics (ICB)},
  pages={439--445},
  year={2012},
  organization={IEEE}
}
@inproceedings{CrossEyed,
author = {Sequeira, Ana and Chen, Lulu and Ferryman, James and Wild, Peter and Alonso-Fernandez, Fernando and Bigun, Josef and Raja, Kiran and Ramachandra, Raghavendra and Busch, Christoph and Pereira, Tiago and Marcel, Sébastien and Behera, Sushree and Gour, Mahesh and Kanhangad, Vivek},
year = {2017},
month = {10},
pages = {},
title = {Cross-Eyed 2017: Cross-Spectral Iris/Periocular Recognition Database and Competition},
doi = {10.1109/BTAS.2017.8272762}
}
@article{proencca2009ubiris,
  title={The UBIRIS. v2: A database of visible wavelength iris images captured on-the-move and at-a-distance},
  author={Proen{\c{c}}a, Hugo and Filipe, Silvio and Santos, Ricardo and Oliveira, Joao and Alexandre, Luis A},
  journal={IEEE Transactions on Pattern Analysis and Machine Intelligence},
  volume={32},
  number={8},
  pages={1529--1535},
  year={2009},
  publisher={IEEE}
}
@article{de2015mobile,
  title={Mobile iris challenge evaluation (MICHE)-I, biometric iris dataset and protocols},
  author={De Marsico, Maria and Nappi, Michele and Riccio, Daniel and Wechsler, Harry},
  journal={Pattern Recognition Letters},
  volume={57},
  pages={17--23},
  year={2015},
  publisher={Elsevier}
}
@inproceedings{rattani2016icip,
  title={ICIP 2016 competition on mobile ocular biometric recognition},
  author={Rattani, Ajita and Derakhshani, Reza and Saripalle, Sashi K and Gottemukkula, Vikas},
  booktitle={2016 IEEE international conference on image processing (ICIP)},
  pages={320--324},
  year={2016},
  organization={IEEE}
}
------------
@article{nigam2015ocular,
  title={Ocular biometrics: A survey of modalities and fusion approaches},
  author={Nigam, Ishan and Vatsa, Mayank and Singh, Richa},
  journal={Information Fusion},
  volume={26},
  pages={1--35},
  year={2015},
  publisher={Elsevier}
}
------------------------
-------------
-




---
@article{ahmed2023road,
  title={Road traffic accidental injuries and deaths: A neglected global health issue},
  author={Ahmed, Sirwan K and Mohammed, Mona G and Abdulqadir, Salar O and El-Kader, Rabab G Abd and El-Shall, Nahed A and Chandran, Deepak and Rehman, Mohammad E Ur and Dhama, Kuldeep},
  journal={Health science reports},
  volume={6},
  number={5},
  pages={e1240},
  year={2023},
  publisher={Wiley Online Library}
}
%---------------------------
@misc{AtlasMagasine,
  title = {},
  author = {},
  howpublished = {\url{https://www.atlas-mag.net/article/baisse-des-accidents-de-la-route-en-2019}},
  note = {},
  year = {}
}

@article{soares2020drowsiness,
  title={Drowsiness and distraction while driving: A study based on smartphone app data},
  author={Soares, S{\'o}nia and Ferreira, Sara and Couto, Ant{\'o}nio},
  journal={Journal of safety research},
  volume={72},
  pages={279--285},
  year={2020},
  publisher={Elsevier}
}
@misc{lerepairedesmotards,
  title = {},
  author = {},
  howpublished = {\url{http://www.lerepairedesmotards.com/actualites/2016/actu_160720-fatigue-alcool-principaux-facteurs-mortalite-routiere.php}},
  note = {},
  year = {}
}
@article{haba2011somnolence,
  title={Somnolence, fatigue et hypersomnie},
  author={Haba-Rubio, J and Krieger, J},
  journal={M{\'e}decine du sommeil},
  volume={8},
  number={1},
  pages={5--14},
  year={2011},
  publisher={Elsevier}
}
@misc{somnolence,
  title = {},
  author = {},
  howpublished = {\url{https://www.credit-agricole.fr/particulier/conseils/magazine/tout-un-mag/hypovigilance-quels-sont-les-signes-et-comment-reagir.html}},
  note = {},
  year = {}
}
@misc{ornikar,
  title = {},
  author = {},
  howpublished = {\url{https://www.ornikar.com/code/cours/conducteur/etat-conduire/hypovigilancel}},
  note = {},
  year = {}
}
@misc{hypovigilance,
  title = {},
  author = {},
  howpublished = {\url{https://www.securite-routiere-az.fr/h/hypovigilance/}},
  note = {},
  year = {}
}
%------------------
@article{fujiwara2018heart,
  title={Heart rate variability-based driver drowsiness detection and its validation with EEG},
  author={Fujiwara, Koichi and Abe, Erika and Kamata, Keisuke and Nakayama, Chikao and Suzuki, Yoko and Yamakawa, Toshitaka and Hiraoka, Toshihiro and Kano, Manabu and Sumi, Yukiyoshi and Masuda, Fumi and others},
  journal={IEEE transactions on biomedical engineering},
  volume={66},
  number={6},
  pages={1769--1778},
  year={2018},
  publisher={IEEE}
}
%---------------------------

@article{li2017online,
  title={Online detection of driver fatigue using steering wheel angles for real driving conditions},
  author={Li, Zuojin and Li, Shengbo Eben and Li, Renjie and Cheng, Bo and Shi, Jinliang},
  journal={Sensors},
  volume={17},
  number={3},
  pages={495},
  year={2017},
  publisher={MDPI}
}
%---------------------------
@article{savacs2020real,
  title={Real time driver fatigue detection system based on multi-task ConNN},
  author={Sava{\c{s}}, Burcu Kir and Becerikli, Ya{\c{s}}ar},
  journal={Ieee Access},
  volume={8},
  pages={12491--12498},
  year={2020},
  publisher={IEEE}
}

@article{deng2019real,
  title={Real-time driver-drowsiness detection system using facial features},
  author={Deng, Wanghua and Wu, Ruoxue},
  journal={Ieee Access},
  volume={7},
  pages={118727--118738},
  year={2019},
  publisher={IEEE}
}

@article{you2019real,
  title={A real-time driving drowsiness detection algorithm with individual differences consideration},
  author={You, Feng and Li, Xiaolong and Gong, Yunbo and Wang, Hailwei and Li, Hongyi},
  journal={Ieee Access},
  volume={7},
  pages={179396--179408},
  year={2019},
  publisher={IEEE}
}
@misc{reconnaissancefaciale,
  title = {},
  author = {},
  howpublished = {\url{https://www.cnil.fr/fr/definition/reconnaissance-faciale}},
  note = {},
  year = {}
}
@misc{Expressionfaciale,
  title = {},
  author = {},
  howpublished = {\url{https://fr.wikipedia.org/wiki/Expression_faciale}},
  note = {},
  year = {}
}

@inproceedings{ma2002face,
  title={Face detection based on hierarchical support vector machines},
  author={Ma, Yong and Ding, Xiaoqing},
  booktitle={2002 International Conference on Pattern Recognition},
  volume={1},
  pages={222--225},
  year={2002},
  organization={IEEE}
}
@inproceedings{viola2001rapid,
  title={Rapid object detection using a boosted cascade of simple features},
  author={Viola, Paul and Jones, Michael},
  booktitle={Proceedings of the 2001 IEEE computer society conference on computer vision and pattern recognition. CVPR 2001},
  volume={1},
  pages={I--I},
  year={2001},
  organization={Ieee}
}
%---------------------------
@inproceedings{schroff2015facenet,
  title={Facenet: A unified embedding for face recognition and clustering},
  author={Schroff, Florian and Kalenichenko, Dmitry and Philbin, James},
  booktitle={Proceedings of the IEEE conference on computer vision and pattern recognition},
  pages={815--823},
  year={2015}
}

@article{redmon2018yolov3,
  title={Yolov3: An incremental improvement},
  author={Redmon, Joseph and Farhadi, Ali},
  journal={arXiv preprint arXiv:1804.02767},
  year={2018}
}

%---------------------------
@article{arca2006face,
  title={A face recognition system based on automatically determined facial fiducial points},
  author={Arca, Stefano and Campadelli, Paola and Lanzarotti, Raffaella},
  journal={Pattern recognition},
  volume={39},
  number={3},
  pages={432--443},
  year={2006},
  publisher={Elsevier}
}

@article{perlibakas2006face,
  title={Face recognition using principal component analysis and log-gabor filters},
  author={Perlibakas, Vytautas},
  journal={arXiv preprint cs/0605025},
  year={2006}
}

@article{qi2018facial,
  title={Facial expressions recognition based on cognition and mapped binary patterns},
  author={Qi, Chao and Li, Min and Wang, Qiushi and Zhang, Huiquan and Xing, Jinling and Gao, Zhifan and Zhang, Huailing},
  journal={IEEE Access},
  volume={6},
  pages={18795--18803},
  year={2018},
  publisher={IEEE}
}
@misc{defoeil,
  title = {},
  author = {},
  howpublished = {\url{https://dr-leininger.fr/loeil-et-la-vision/anatomie-de-loeil}},
  note = {},
  year = {}
}
%-----------
@article{savacs2020real2,
  title={Real time driver fatigue detection system based on multi-task ConNN},
  author={Sava{\c{s}}, Burcu Kir and Becerikli, Ya{\c{s}}ar},
  journal={Ieee Access},
  volume={8},
  pages={12491--12498},
  year={2020},
  publisher={IEEE}
}

@article{jia2021fatigue,
  title={Fatigue driving detection based on deep learning and multi-index fusion},
  author={Jia, Huijie and Xiao, Zhongjun and Ji, Peng},
  journal={IEEE Access},
  volume={9},
  pages={147054--147062},
  year={2021},
  publisher={IEEE}
}
@article{tsai2020vision,
  title={Vision-based instant measurement system for driver fatigue monitoring},
  author={Tsai, Yin-Cheng and Lai, Peng-Wen and Huang, Po-Wei and Lin, Tzu-Min and Wu, Bing-Fei},
  journal={IEEE Access},
  volume={8},
  pages={67342--67353},
  year={2020},
  publisher={IEEE}
}

@article{alharbey2022fatigue,
  title={Fatigue state detection for tired persons in presence of driving periods},
  author={Alharbey, Riad and Dessouky, Mohamed M and Sedik, Ahmed and Siam, Ali I and Elaskily, Mohamed A},
  journal={IEEE Access},
  volume={10},
  pages={79403--79418},
  year={2022},
  publisher={IEEE}
}

@article{zhuang2020driver,
  title={Driver fatigue detection method based on eye states with pupil and iris segmentation},
  author={Zhuang, Qianyang and Kehua, Zhang and Wang, Jiayi and Chen, Qianqian},
  journal={Ieee Access},
  volume={8},
  pages={173440--173449},
  year={2020},
  publisher={IEEE}
}

@article{li2021novel,
  title={A novel learning model of driver fatigue features representation for steering wheel angle},
  author={Li, Zuojin and Chen, Liukui and Nie, Ling and Yang, Simon X},
  journal={IEEE Transactions on Vehicular Technology},
  volume={71},
  number={1},
  pages={269--281},
  year={2021},
  publisher={IEEE}
}
@article{li2019fuzzy,
  title={A fuzzy recurrent neural network for driver fatigue detection based on steering-wheel angle sensor data},
  author={Li, Zuojin and Yang, Qing and Chen, Shengfu and Zhou, Wei and Chen, Liukui and Song, Lei},
  journal={International Journal of Distributed Sensor Networks},
  volume={15},
  number={9},
  pages={1550147719872452},
  year={2019},
  publisher={SAGE Publications Sage UK: London, England}
}

@article{thomas2012wireless,
  title={Wireless sensor embedded steering wheel for real time monitoring of driver fatigue detection},
  author={Thomas, Betsy and Gupta, Ashutosh},
  journal={UACEE International Journal of Advances in Computer Networks and Its Security},
  volume={2},
  number={1},
  pages={66--69},
  year={2012}
}

@inproceedings{shalash2019driver,
  title={Driver fatigue detection with single EEG channel using transfer learning},
  author={Shalash, Wafaa Mohib},
  booktitle={2019 IEEE International Conference on Imaging Systems and Techniques (IST)},
  pages={1--6},
  year={2019},
  organization={IEEE}
}

@article{subasi2022eeg,
  title={EEG-based driver fatigue detection using FAWT and multiboosting approaches},
  author={Subasi, Abdulhamit and Saikia, Aditya and Bagedo, Kholoud and Singh, Amarprit and Hazarika, Anil},
  journal={IEEE Transactions on Industrial Informatics},
  volume={18},
  number={10},
  pages={6602--6609},
  year={2022},
  publisher={IEEE}
}
----------------------------

@article{halomoan2023new,
  title={A New ECG Data Processing Approach to Developing an Accurate Driving Fatigue Detection Framework with Heart Rate Variability Analysis and Ensemble Learning},
  author={Halomoan, Junartho and Ramli, Kalamullah and Sudiana, Dodi and Gunawan, Teddy Surya and Salman, Muhammad},
  journal={Information},
  volume={14},
  number={4},
  pages={210},
  year={2023},
  publisher={MDPI}
}

@article{hsieh2013improved,
  title={An improved and portable eye-blink duration detection system to warn of driver fatigue},
  author={Hsieh, Chin-Shun and Tai, Cheng-Chi},
  journal={Instrumentation Science \& Technology},
  volume={41},
  number={5},
  pages={429--444},
  year={2013},
  publisher={Taylor \& Francis}
}
@online{HaarCascades,
title = {Face Detection using Haar Cascades},
howpublished = {\url{https://docs.opencv.org/4.x/d2/d99/tutorial_js_face_detection.html}}
}
@online{MediaPipe,
title = {MediaPipe Face Mesh},
howpublished = {\url{https://chuoling.github.io/mediapipe/solutions/face_mesh.html}}
}